%\http://tex.stackexchange.com/questions/8332/undefined-citation-warnings
%\http://en.wikipedia.org/wiki/BibTeX


@book{spence2001information,
  title={Information visualization},
  author={Spence, R.},
  series={ACM Press Bks},
  url={http://books.google.ie/books?id=gYQoAQAAMAAJ},
  year={2001},
  publisher={Addison-Wesley}
}

@article{friendly2001milestones,
  title={Milestones in the history of thematic cartography, statistical graphics, and data visualization},
  author={Friendly, M. and Denis, D.J.},
  journal={Accessed: March},
  volume={18},
  pages={2010},
  year={2001}
}

@book{mazza2009introduction,
  title={Introduction to information visualization},
  author={Mazza, R.},
  year={2009},
  publisher={Springer}
}

@book{bagrow2009history,
  title={History of cartography},
  author={Bagrow, L. and Skelton, R.A.},
  year={2009},
  page={31},
  publisher={Transaction Pub}
}

@article{frerichs2007ghost,
  title={The Ghost Map},
  author={Frerichs, R.R.},
  journal={Emerging Infectious Diseases},
  pages={1134},
  year={2007},
  publisher={Centers for Disease Control}
}

@book{kuhn1996structure,
  title={The structure of scientific revolutions},
  author={Kuhn, T.S.},
  volume={2},
  year={1996},
  publisher={University of Chicago press}
}

@article{friendly2000discussion,
  title={Discussion and comments. Approche graphique en analyse des donn{\'e}es. The roots and branches of modern statistical graphics.},
  author={Friendly, M. and Denis, D.},
  journal={Journal de la soci{\'e}t{\'e} fran{\c{c}}aise de statistique},
  volume={141},
  number={4},
  pages={51--60},
  year={2000}
}

@book{haskell1919make,
  title={How to make and use graphic charts},
  author={Haskell, A.C.},
  year={1919},
  publisher={Codex book company inc.}
}

@book{ayres1919war,
  title={The war with Germany: a statistical summary},
  author={Ayres, L.P.},
  year={1919},
  publisher={Govt. print. off.}
}

@misc{gantt1919organization,
  title={Organization for Work},
  author={Gantt, HL},
  year={1919},
  publisher={London: Allen and Unwin}
}

@article{tukey1962future,
  title={The future of data analysis},
  author={Tukey, J.W.},
  journal={The Annals of Mathematical Statistics},
  volume={33},
  number={1},
  pages={1--67},
  year={1962},
  publisher={JSTOR}
}

@book{bertin1973semiologie,
  title={S{\'e}miologie graphique},
  author={Bertin, J. and Barbut, M.},
  year={1973},
  publisher={Mouton; Paris: Gauthier-Villars}
}

@article{cleveland1984graphical,
  title={Graphical perception: Theory, experimentation, and application to the development of graphical methods},
  author={Cleveland, W.S. and McGill, R.},
  journal={Journal of the American Statistical Association},
  volume={79},
  number={387},
  pages={531--554},
  year={1984},
  publisher={Taylor \& Francis}
}

@book{jacobson1999information,
  title={Information design},
  author={Jacobson, R.E. and Wurman, R.S.},
  year={1999},
  publisher={Mit Press London}
}

@book{card1999readings,
  title={Readings in information visualization: using vision to think},
  author={Card, S.K. and Mackinlay, J.D. and Shneiderman, B.},
  year={1999},
  publisher={Morgan Kaufmann}
}

@article{treisman1985preattentive,
  title={Preattentive processing in vision},
  author={Treisman, A.},
  journal={Computer vision, graphics, and image processing},
  volume={31},
  number={2},
  pages={156--177},
  year={1985},
  publisher={Elsevier}
}

@article{few2004show,
  title={Show me the numbers: Designing Tables and Graphs to Enlighten},
  author={Few, S.},
  year={2004},
  publisher={$\{$Analytics Press$\}$}
}

@book{dix2004human,
  title={Human-computer interaction},
  author={Dix, A.},
  year={2004},
  publisher={Prentice hall}
}


@misc{oed31,
  Howpublished = {\url{http://www.oed.com/}},
  Month = {July},
  Title = {{Oxford English Dictionary Online, 2nd edition}},
  Year = {2013}
  }

@phdthesis{champ,
  author={Hampson, C},
  title={An expert supported approach to data exploration},
  school={Trinity College Dublin},
  year={2011}
  
}

@article{caves,
  title={World's oldest map: Spanish cave has landscape from 14,000 years ago},
  author={Fiona Govan},
  year={2009},
  journal={The Telegraph},
  note={http://www.telegraph.co.uk/news/worldnews/europe/spain/5978900/Worlds-oldest-map-Spanish-cave-has-landscape-from-14000-years-ago.html}
}


@misc{snowMap,
  title={Cholera map},
  author={John Snow},
  note={http://upload.wikimedia.org/wikipedia/commons/2/27/Snow-cholera-map-1.jpg}
}

@article{mackinlay1986automating,
  title={Automating the design of graphical presentations of relational information},
  author={Mackinlay, J.},
  journal={ACM Transactions on Graphics (TOG)},
  volume={5},
  number={2},
  pages={110--141},
  year={1986},
  publisher={ACM}
}

@article{friendly2008golden,
  title={The golden age of statistical graphics},
  author={Friendly, M.},
  journal={Statistical Science},
  pages={502--535},
  year={2008},
  publisher={JSTOR}
}

@article{fienberg1979graphical,
  title={Graphical methods in statistics},
  author={Fienberg, S.E.},
  journal={The American Statistician},
  volume={33},
  number={4},
  pages={165--178},
  year={1979},
  publisher={Taylor \& Francis}
}

@article{myers1998brief,
  title={A brief history of human-computer interaction technology},
  author={Myers, B.A.},
  journal={interactions},
  volume={5},
  number={2},
  pages={44--54},
  year={1998},
  publisher={ACM}
}

@Article{Mil56,
  author =       {Miller, George},
  title =        {The Magical Number Seven, Plus or Minus Two: Some
  Limits on Our Capacity for Processing Information},
  journal =      {The Psychological Review},
  year =         {1956},
  volume =       {63},
  pages =        {81-97},
}

@article{eriksen1955absolute,
  title={Absolute judgments as a function of stimulus range and number of stimulus and response categories.},
  author={Eriksen, C.W. and Hake, H.W.},
  journal={Journal of Experimental Psychology},
  volume={49},
  number={5},
  pages={323},
  year={1955},
  publisher={American Psychological Association}
}

@inproceedings{shneiderman2001ordered,
  title={Ordered treemap layouts},
  author={Shneiderman, B. and Wattenberg, M.},
  booktitle={Proceedings of the IEEE Symposium on Information Visualization 2001},
  volume={73078},
  year={2001}
}


