%\http://tex.stackexchange.com/questions/8332/undefined-citation-warnings
%\http://en.wikipedia.org/wiki/BibTeX


@inproceedings{wei2009state,
  title={State of the art in example-based texture synthesis},
  author={Wei, L.Y. and Lefebvre, S. and Kwatra, V. and Turk, G. and others},
  booktitle={Eurographics 2009, State of the Art Report, EG-STAR},
  pages={93--117},
  year={2009}
}
@inproceedings{saisan2001dynamic,
  title={Dynamic texture recognition},
  author={Saisan, P. and Doretto, G. and Wu, Y.N. and Soatto, S.},
  booktitle={Computer Vision and Pattern Recognition, 2001. CVPR 2001. Proceedings of the 2001 IEEE Computer Society Conference on},
  volume={2},
  pages={II--58},
  year={2001},
  organization={IEEE}
}
@inproceedings{lefebvre2006appearance,
  title={Appearance-space texture synthesis},
  author={Lefebvre, S. and Hoppe, H.},
  booktitle={ACM Transactions on Graphics (TOG)},
  volume={25},
  pages={541--548},
  year={2006},
  organization={ACM}
}
@techreport{baker1982depth,
  title={Depth from Edge and Intensity Based Stereo.},
  author={Baker, H.H.},
  year={1982},
  institution={DTIC Document}
}

@article{paget1998texture,
  title={Texture synthesis via a noncausal nonparametric multiscale Markov random field},
  author={Paget, R. and Longstaff, I.D.},
  journal={Image Processing, IEEE Transactions on},
  volume={7},
  number={6},
  pages={925--931},
  year={1998},
  publisher={IEEE}
}

@inproceedings{kwatra2003graphcut,
  title={Graphcut textures: image and video synthesis using graph cuts},
  author={Kwatra, V. and Sch{\"o}dl, A. and Essa, I. and Turk, G. and Bobick, A.},
  booktitle={ACM Transactions on Graphics (TOG)},
  volume={22},
  pages={277--286},
  year={2003},
  organization={ACM}
}

@article{guo2000chaos,
  title={Chaos mosaic: Fast and memory efficient texture synthesis},
  author={Guo, B. and Shum, H. and Xu, Y.Q.},
  journal={Microsoft research paper MSR-TR-2000-32},
  year={2000}
}

@inproceedings{efros2001image,
  title={Image quilting for texture synthesis and transfer},
  author={Efros, A.A. and Freeman, W.T.},
  booktitle={Proceedings of the 28th annual conference on Computer graphics and interactive techniques},
  pages={341--346},
  year={2001},
  organization={ACM}
}

@article{Barnes,
  author = "Connelly Barnes and Eli Shechtman and Adam Finkelstein and Dan B
    Goldman",
  title = "{PatchMatch}: A Randomized Correspondence Algorithm for
    Structural Image Editing",
  journal = "ACM Transactions on Graphics (Proc. SIGGRAPH)",
  year = "2009",
  month = aug,
  volume = "28",
}

@article{boykov2001fast,
  title={Fast approximate energy minimization via graph cuts},
  author={Boykov, Y. and Veksler, O. and Zabih, R.},
  journal={Pattern Analysis and Machine Intelligence, IEEE Transactions on},
  volume={23},
  number={11},
  pages={1222--1239},
  year={2001},
  publisher={IEEE}
}

@inproceedings{jia2006drag,
  title={Drag-and-drop pasting},
  author={Jia, J. and Sun, J. and Tang, C.K. and Shum, H.Y.},
  booktitle={ACM Transactions on Graphics (TOG)},
  volume={25},
  number={3},
  pages={631--637},
  year={2006},
  organization={ACM}
}
