%\http://tex.stackexchange.com/questions/8332/undefined-citation-warnings
%\http://en.wikipedia.org/wiki/BibTeX


@book{spence2001information,
  title={Information visualization},
  author={Spence, R.},
  series={ACM Press Bks},
  url={http://books.google.ie/books?id=gYQoAQAAMAAJ},
  year={2001},
  publisher={Addison-Wesley}
}

@article{friendly2001milestones,
  title={Milestones in the history of thematic cartography, statistical graphics, and data visualization},
  author={Friendly, M. and Denis, D.J.},
  journal={Accessed: March},
  volume={18},
  pages={2010},
  year={2001}
}

@book{mazza2009introduction,
  title={Introduction to information visualization},
  author={Mazza, R.},
  year={2009},
  publisher={Springer}
}

@book{bagrow2009history,
  title={History of cartography},
  author={Bagrow, L. and Skelton, R.A.},
  year={2009},
  page={31},
  publisher={Transaction Pub}
}

@article{frerichs2007ghost,
  title={The Ghost Map},
  author={Frerichs, R.R.},
  journal={Emerging Infectious Diseases},
  pages={1134},
  year={2007},
  publisher={Centers for Disease Control}
}

@book{kuhn1996structure,
  title={The structure of scientific revolutions},
  author={Kuhn, T.S.},
  volume={2},
  year={1996},
  publisher={University of Chicago press}
}

@article{friendly2000discussion,
  title={Discussion and comments. Approche graphique en analyse des donn{\'e}es. The roots and branches of modern statistical graphics.},
  author={Friendly, M. and Denis, D.},
  journal={Journal de la soci{\'e}t{\'e} fran{\c{c}}aise de statistique},
  volume={141},
  number={4},
  pages={51--60},
  year={2000}
}

@book{haskell1919make,
  title={How to make and use graphic charts},
  author={Haskell, A.C.},
  year={1919},
  publisher={Codex book company inc.}
}

@book{ayres1919war,
  title={The war with Germany: a statistical summary},
  author={Ayres, L.P.},
  year={1919},
  publisher={Govt. print. off.}
}

@misc{gantt1919organization,
  title={Organization for Work},
  author={Gantt, HL},
  year={1919},
  publisher={London: Allen and Unwin}
}

@article{tukey1962future,
  title={The future of data analysis},
  author={Tukey, J.W.},
  journal={The Annals of Mathematical Statistics},
  volume={33},
  number={1},
  pages={1--67},
  year={1962},
  publisher={JSTOR}
}

@book{bertin1973semiologie,
  title={S{\'e}miologie graphique},
  author={Bertin, J. and Barbut, M.},
  year={1973},
  publisher={Mouton; Paris: Gauthier-Villars}
}

@article{cleveland1984graphical,
  title={Graphical perception: Theory, experimentation, and application to the development of graphical methods},
  author={Cleveland, W.S. and McGill, R.},
  journal={Journal of the American Statistical Association},
  volume={79},
  number={387},
  pages={531--554},
  year={1984},
  publisher={Taylor \& Francis}
}

